<record><leader>00000cas a22000007a 4500</leader><controlfield tag="001">1765625</controlfield><controlfield tag="008">751101d18831893mnuwr ne      0    0eng d</controlfield><datafield ind1=" " ind2=" " tag="010"><subfield code="a">sn 91059248 </subfield></datafield><datafield ind1=" " ind2=" " tag="040"><subfield code="a">MUL</subfield><subfield code="b">eng</subfield><subfield code="c">MUL</subfield><subfield code="d">MN#</subfield><subfield code="d">OCLCQ</subfield><subfield code="d">OCLCF</subfield><subfield code="d">OCLCO</subfield></datafield><datafield ind1=" " ind2=" " tag="042"><subfield code="a">msc</subfield></datafield><datafield ind1=" " ind2=" " tag="043"><subfield code="a">n-us-mn</subfield></datafield><datafield ind1=" " ind2=" " tag="052"><subfield code="a">4144</subfield><subfield code="b">S65</subfield></datafield><datafield ind1=" " ind2=" " tag="052"><subfield code="a">4143</subfield><subfield code="b">M8</subfield></datafield><datafield ind1="0" ind2="4" tag="245"><subfield code="a">The Slayton gazette.</subfield></datafield><datafield ind1=" " ind2=" " tag="260"><subfield code="a">Slayton, Murray County, Minn. :</subfield><subfield code="b">L.C. Herr,</subfield><subfield code="c">-1893.</subfield></datafield><datafield ind1=" " ind2=" " tag="300"><subfield code="a">v.</subfield></datafield><datafield ind1=" " ind2=" " tag="310"><subfield code="a">Weekly</subfield></datafield><datafield ind1="1" ind2=" " tag="362"><subfield code="a">Began in June 1883.</subfield></datafield><datafield ind1="0" ind2=" " tag="362"><subfield code="a">-v. 11, no. 24 (Nov. 23, 1893).</subfield></datafield><datafield ind1=" " ind2=" " tag="530"><subfield code="a">Available on microfilm from the Minnesota Historical Society.</subfield></datafield><datafield ind1=" " ind2=" " tag="588"><subfield code="a">Description based on: Vol. 5, no. 9 (Aug. 18, 1887).</subfield></datafield><datafield ind1=" " ind2="0" tag="651"><subfield code="a">Slayton (Minn.)</subfield><subfield code="v">Newspapers.</subfield></datafield><datafield ind1=" " ind2="7" tag="655"><subfield code="a">Newspapers.</subfield><subfield code="2">fast</subfield><subfield code="0">(OCoLC)fst01423814</subfield></datafield><datafield ind1=" " ind2="7" tag="651"><subfield code="a">Minnesota</subfield><subfield code="z">Slayton.</subfield><subfield code="2">fast</subfield><subfield code="0">(OCoLC)fst01220152</subfield></datafield><datafield ind1=" " ind2=" " tag="752"><subfield code="a">United States</subfield><subfield code="b">Minnesota</subfield><subfield code="c">Murray</subfield><subfield code="d">Slayton.</subfield></datafield><datafield ind1="0" ind2="7" tag="785"><subfield code="t">Murray County pioneer (Currie, Minn. : 1888)</subfield><subfield code="w">(DLC)sn 91059238</subfield></datafield><datafield ind1="0" ind2="7" tag="785"><subfield code="t">Slayton gazette and Murray County pioneer</subfield><subfield code="w">(DLC)sn 91059249</subfield></datafield></record>